<record><leader>00000cas a22000007a 4500</leader><controlfield tag="001">11340346</controlfield><controlfield tag="008">841102d18431855kyuwr ne      0    0eng d</controlfield><datafield ind1=" " ind2=" " tag="010"><subfield code="a">sn 84038550 </subfield></datafield><datafield ind1=" " ind2=" " tag="040"><subfield code="a">NPX</subfield><subfield code="b">eng</subfield><subfield code="c">NPX</subfield><subfield code="d">KNP</subfield><subfield code="d">NPI</subfield><subfield code="d">KNP</subfield><subfield code="d">NVF</subfield><subfield code="d">MGN</subfield><subfield code="d">OCL</subfield><subfield code="d">OCLCQ</subfield><subfield code="d">OCLCF</subfield><subfield code="d">OCLCO</subfield><subfield code="d">IUL</subfield></datafield><datafield ind1=" " ind2=" " tag="042"><subfield code="a">msc</subfield></datafield><datafield ind1=" " ind2=" " tag="043"><subfield code="a">n-us-ky</subfield></datafield><datafield ind1="0" ind2="0" tag="245"><subfield code="a">Louisville weekly Democrat.</subfield></datafield><datafield ind1=" " ind2=" " tag="260"><subfield code="a">Louisville, Ky. :</subfield><subfield code="b">Phineas M. Kent,</subfield><subfield code="c">-1855.</subfield></datafield><datafield ind1=" " ind2=" " tag="300"><subfield code="a">v.</subfield></datafield><datafield ind1=" " ind2=" " tag="310"><subfield code="a">Weekly</subfield></datafield><datafield ind1="1" ind2=" " tag="362"><subfield code="a">Began in 1843?</subfield></datafield><datafield ind1="0" ind2=" " tag="362"><subfield code="a">-v. 11, no. 42 (May 2, 1855).</subfield></datafield><datafield ind1=" " ind2=" " tag="500"><subfield code="a">Publishers: Phineas M. Kent, &lt;1843-1844&gt;; John H. Harney, &lt;1844&gt;; John H. Harney, William E. Hughes &amp; Thomas L. Smith, ; Harney, Hughes &amp; Hughes, &lt;1848&gt;; Harney &amp; Hughes, &lt;1852-1855&gt;.</subfield></datafield><datafield ind1=" " ind2=" " tag="500"><subfield code="a">Editor: John H. Harney, 1844-&lt;1855&gt;.</subfield></datafield><datafield ind1=" " ind2=" " tag="500"><subfield code="a">Democratic.</subfield></datafield><datafield ind1=" " ind2=" " tag="580"><subfield code="a">Daily eds.: Louisville daily Democrat (Louisville, Ky. : 1843), &lt;1844&gt;-1855, and: Evening Democrat (Louisville, Ky.), &lt;&gt;-1855.</subfield></datafield><datafield ind1=" " ind2=" " tag="580"><subfield code="a">Other eds.: Weekly dollar Democrat, &lt;&gt;-1855.</subfield></datafield><datafield ind1=" " ind2=" " tag="588"><subfield code="a">Description based on: Vol. 1, no. 2 (July 26, 1844).</subfield></datafield><datafield ind1=" " ind2="0" tag="651"><subfield code="a">Jefferson County (Ky.)</subfield><subfield code="v">Newspapers.</subfield></datafield><datafield ind1=" " ind2="0" tag="651"><subfield code="a">Louisville (Ky.)</subfield><subfield code="v">Newspapers.</subfield></datafield><datafield ind1=" " ind2="7" tag="651"><subfield code="a">Kentucky</subfield><subfield code="z">Jefferson County.</subfield><subfield code="2">fast</subfield><subfield code="0">(OCoLC)fst01205464</subfield></datafield><datafield ind1=" " ind2="7" tag="651"><subfield code="a">Kentucky</subfield><subfield code="z">Louisville.</subfield><subfield code="2">fast</subfield><subfield code="0">(OCoLC)fst01204602</subfield></datafield><datafield ind1=" " ind2="7" tag="655"><subfield code="a">Newspapers.</subfield><subfield code="2">fast</subfield><subfield code="0">(OCoLC)fst01423814</subfield></datafield><datafield ind1=" " ind2=" " tag="752"><subfield code="a">United States</subfield><subfield code="b">Kentucky</subfield><subfield code="c">Jefferson</subfield><subfield code="d">Louisville.</subfield></datafield><datafield ind1="1" ind2=" " tag="775"><subfield code="t">Louisville daily Democrat (Louisville, Ky. : 1843)</subfield><subfield code="w">(DLC)sn 82006876</subfield><subfield code="w">(OCoLC)8821934</subfield></datafield><datafield ind1="1" ind2=" " tag="775"><subfield code="t">Evening Democrat (Louisville, Ky.)</subfield><subfield code="w">(DLC)sn 86069205</subfield><subfield code="w">(OCoLC)13738257</subfield></datafield><datafield ind1="1" ind2=" " tag="775"><subfield code="t">Weekly dollar Democrat</subfield><subfield code="w">(DLC)sn 86069206</subfield><subfield code="w">(OCoLC)13738540</subfield></datafield><datafield ind1="0" ind2="0" tag="785"><subfield code="t">Weekly Louisville Democrat</subfield><subfield code="w">(DLC)sn 85038017</subfield><subfield code="w">(OCoLC)11737305</subfield></datafield></record>